<record><leader>00000cas a22000007a 4500</leader><controlfield tag="001">18409725</controlfield><controlfield tag="008">880826d19521962iduwr ne      0    0eng d</controlfield><datafield ind1=" " ind2=" " tag="010"><subfield code="a">sn 88056006 </subfield></datafield><datafield ind1=" " ind2=" " tag="040"><subfield code="a">NVB</subfield><subfield code="b">eng</subfield><subfield code="c">NVB</subfield><subfield code="d">OCLCQ</subfield><subfield code="d">OCLCF</subfield><subfield code="d">OCLCO</subfield></datafield><datafield ind1=" " ind2=" " tag="042"><subfield code="a">msc</subfield></datafield><datafield ind1=" " ind2=" " tag="043"><subfield code="a">n-us-id</subfield></datafield><datafield ind1="0" ind2="4" tag="245"><subfield code="a">The Boise journal.</subfield></datafield><datafield ind1=" " ind2=" " tag="260"><subfield code="a">Boise, Idaho :</subfield><subfield code="b">Journal Pub. Co.</subfield></datafield><datafield ind1=" " ind2=" " tag="300"><subfield code="a">v.</subfield></datafield><datafield ind1=" " ind2=" " tag="310"><subfield code="a">Weekly</subfield></datafield><datafield ind1="0" ind2=" " tag="362"><subfield code="a">Vol. 2, no. 46 (Nov. 14, 1952)-v. 12, no. 24 (June 14, 1962).</subfield></datafield><datafield ind1=" " ind2="0" tag="651"><subfield code="a">Boise (Idaho)</subfield><subfield code="v">Newspapers.</subfield></datafield><datafield ind1=" " ind2="7" tag="655"><subfield code="a">Newspapers.</subfield><subfield code="2">fast</subfield><subfield code="0">(OCoLC)fst01423814</subfield></datafield><datafield ind1=" " ind2="7" tag="651"><subfield code="a">Idaho</subfield><subfield code="z">Boise.</subfield><subfield code="2">fast</subfield><subfield code="0">(OCoLC)fst01205276</subfield></datafield><datafield ind1=" " ind2=" " tag="752"><subfield code="a">United States</subfield><subfield code="b">Idaho</subfield><subfield code="c">Ada</subfield><subfield code="d">Boise.</subfield></datafield><datafield ind1="0" ind2="0" tag="780"><subfield code="t">Boise bench journal</subfield><subfield code="w">(DLC)sn 88056008</subfield></datafield><datafield ind1="0" ind2="0" tag="785"><subfield code="t">Idaho observer</subfield><subfield code="w">(DLC)sn 88056007</subfield></datafield></record>